@ARTICLE{Yang2021,
  author={Yang, Xinting and Li, Mengqi and Yu, Huajing and Wang, Mingting and Xu, Daming and Sun, Chuanheng},
  journal={IEEE Access}, 
  title={A Trusted Blockchain-Based Traceability System for Fruit and Vegetable Agricultural Products}, 
  year={2021},
  volume={9},
  number={},
  pages={36282-36293},
  month={Mar.}
}